@proceedings{ECCM16,
  title        = {2014 16th European Conference on Composite Materials},
  shorttitle   = {ECCM16},
  eventdate    = {2014-06-22/2014-06-24},
  venue        = {Seville, Spain},
  isbn         = {978-84-616-9798-4},
  publisher    = {University of Seville},
  date         = {2014},
}
@inproceedings{Giner:2014,
  author      = {Giner, Eugenio and Franco, Vincente and Vercher, Ana},
  title       = {Estimation of the reinforcements factor Î¾ for calculating E2
  with the Halpin-Tsai equations using the finite element method},
  booktitle   = {16th European Conference on Composite Materials},
  year        = {2014},
}

@Book{Barbero:2018,
    author = {Ever J. Barbero},
    title = {Introduction to composite materials design},
    edition   = 3,
    publisher = {CRC Press},
    year = {2018},
    isbn = {9781138196803},
    note = {hardcover}
}

@Book{Barbero:2008,
    author = {Ever J. Barbero},
    title = {Finite element analysis of composite materials},
    publisher = {CRC Press},
    year = {2008},
    isbn = {9781420054330},
    note = {hardcover}
}

@Book{Bower:2010,
    author = {Allan F. Bower},
    title = {Applied Mechanics of Solids},
    publisher = {CRC Press},
    year = {2010},
    isbn = {9781439802472a},
    note = {hardcover}
}

@Book{Hyer:1998,
  author =       {Micheal W. Hyer},
  title =        {Stress analysis of fiber-reinforced composite materials},
  publisher =    {McGraw--Hill},
  year =         {1998},
  isbn =         {0071159835}
}

@Book{Tsai:1992,
  author =       {Stephen W. Tsai},
  title =        {Theory of composites design},
  publisher =    {Think Composites},
  year =         {1992},
  isbn =         {0961809035}
}

@Article{1992WeiEn..52...29H,
   author = {Hart-Smith, L.~J.},
    title = "{The ten-percent rule for preliminary sizing of fibrous
                  composite structures}",
  journal = {Weight Engineering},
     year = 1992,
   volume = 52,
    pages = {29-45},
  adsnote = {Provided by the Smithsonian/NASA Astrophysics Data System}
}

@Book{Vinson:1987,
  author =       {J.R. Vinson},
  title =        {The behavior of structures composed of composite materials},
  publisher =    {Martinus Nijhoff Publishers},
  year =         {1987},
  isbn =         {90247312590},
  note =         {hardcover}
}

@Techreport{Nettles:1994,
  author =       {A.T. Nettles},
  title =        {Basic Mechanics of Laminated Plates},
  institution =  {NASA},
  year =         {1994},
  number =       {Reference Publication 1351}
}

